2654 4936
59 194 67 213 .
168 88 234 169 Dr
258 110 330 186 ru,
355 111 448 179 Qun
475 114 534 170 an
562 91 691 169 innunt
720 94 870 175 Prnrnt.
924 107 994 196 361

14 222 34 262 '-
58 222 85 270 tn
111 220 374 269 exonetatrone
402 222 480 272 vttrt
510 223 632 269 armati
662 220 702 269 ex
730 229 797 272 nna
826 208 998 297 inpetircie
1013 205 1048 274 in

29 307 203 375 niteram
235 299 386 372 transeat
411 324 457 375 eo
482 299 584 389 casn,
610 325 680 395 quo
708 308 818 395 plures
842 303 903 400 ipii
927 329 1048 379 occur·

10 429 36 477 rr
55 424 130 479 tunt
151 402 429 491 eonduiioret,
467 424 527 493 per
559 426 647 497 quos
673 406 833 499 progredi
865 431 995 504 queat,
1028 428 1050 480 e

10 503 280 607 :affluentibus
305 504 538 595 phanomenis
563 504 730 592 judicium
756 503 839 580 fetri
864 509 997 605 potest.

10 620 22 679 r
56 658 60 665 .
84 610 152 699 a)
178 602 278 681 Duo
302 600 362 677 fita
385 604 604 679 orichalcina
630 630 682 677 ae
702 610 739 683 &
760 604 821 681 td
843 609 948 707 (rig.
972 610 1053 701 99)
1076 607 1152 705 Fr'g.

44 704 211 801 fldem
234 708 376 803 quidem
403 706 595 795 diametri,
621 706 678 781 sed
702 707 879 807 inaequalis
902 714 1051 805 iongitu-
1078 732 1140 803 99.

25 812 137 891 -dinis
165 810 226 885 ita
250 809 526 897 connectamur,
553 830 592 882 ut
619 832 743 882 eorum
767 813 1009 889 extremitates
1026 838 1049 883 a

30 920 72 993 dt
97 910 122 987 b
152 932 385 1005 congruant,·
412 931 488 985 tum
514 912 559 984 ad
585 932 769 985 externam
793 916 1048 1011 onerataeiage-

30 1038 94 1095 atae
122 1033 354 1091 armaturam
378 1012 597 1110 adpendatur
633 1009 780 1087 frustum
811 1014 973 1089 charrae.
1009 1014 1050 1091 Si

26 1114 339 1199 extremitatibus
362 1114 468 1190 cotti
491 1113 575 1188 huie
600 1113 731 1193 chartte
754 1116 805 1190 ita
830 1116 1015 1215 adplicatit
1038 1167 1051 1208 ‚

29 1242 81 1301 nt
108 1245 136 1295 a
163 1213 206 1293 se
234 1214 397 1314 tantisper
420 1215 568 1306 distent,
595 1217 837 1295 extremitates
862 1218 1054 1307 conjuret·

36 1318 150 1403 auh
178 1320 323 1395 interno
349 1323 482 1414 lagenae
504 1343 601 1396 unco
625 1317 728 1395 snum
753 1321 1009 1397 admoveantur
1035 1346 1051 1405 a

28 1420 305 1503 «merebitur
331 1422 489 1511 vitrum,
513 1425 549 1497 ἂ
575 1422 610 1494 in
637 1421 784 1512 charta,
807 1423 867 1496 ubi
891 1420 952 1497 fita
981 1444 1048 1497 tet·

28 1524 306 1613 minabantur,
331 1520 518 1597 forameiia
543 1545 755 1599 cernentur:
780 1524 892 1612 maius
929 1544 1049 1601 tamen

29 1630 112 1709 etit
139 1622 309 1703 toramen
334 1624 397 1699 fiio
420 1621 571 1701 breviori
582 1622 811 1722 respondens,
835 1650 941 1723 quam
953 1626 1050 1723 quod

32 1728 211 1825 hugiori
236 1726 448 1823 respondet,
468 1724 587 1823 Ergo,
614 1726 640 1799 st
666 1728 831 1802 eieiirico
854 1724 967 1801 fluido
975 1726 1051 1802 duo

34 1830 154 1911 fimui
180 1820 435 1921 eondustorea'ss
458 1852 555 1928 aeque
576 1828 685 1920 boni,
710 1827 768 1905 sed
786 1830 1049 1928 inaequaiislott·

34 1932 227 2037 ‚reminis
250 1928 462 2021 occurrant,
500 1954 561 2029 per
583 1954 671 2029 quor
695 1954 738 2007 ex
762 1955 833 2007 una
858 1932 939 2007 vitri
964 1952 1048 2005 one·

41 2038 120 2117 rati
143 2030 330 2128 superficie
355 2035 393 2108 in
418 2038 565 2109 alteram
595 2031 739 2110 transire
762 2053 894 2134 queat;
920 2030 1050 2111 idflui·

48 2140 141 2221 dun
163 2158 232 2236 per
254 2157 440 2233 utrumque
464 2136 714 2212 contuentem
751 2136 783 2210 se
809 2134 845 2211 se
877 2136 1049 2229 dividet,

50 2240 113 2321 sed
137 2261 264 2320 tamen
288 2239 422 2327 maiore
447 2236 497 2315 sui
523 2261 622 2337 parte
644 2240 747 2314 vadet
760 2238 1050 2335 perbreviorema

51 2346 136 2443 quia
161 2366 290 2440 nempe
315 2362 393 2415 tota
420 2338 630 2435 resrstentia,
655 2366 733 2440 qnae
758 2340 971 2418 transeundo
995 2338 1048 2415 su·

51 2446 209 2547 peranda
232 2442 303 2534 eii,
328 2444 452 2520 ceteris
478 2444 647 2542 paribus,
680 2470 725 2520 eo
751 2446 868 2521 minor
892 2443 941 2521 est
978 2442 1049 2521 uti·

51 2572 144 2649 que,
169 2569 245 2645 quo
265 2544 405 2623 breuior
429 2542 535 2621 fuerit
561 2549 640 2620 via.
665 2544 723 2623 Sic
748 2550 882 2637 etiam,
908 2544 934 2621 fi
959 2568 1048 2622 unus

52 2652 166 2729 horno
191 2649 522 2735 extremitatem,
548 2648 636 2719 alter
659 2647 680 2716 d
705 2673 813 2724 manu
840 2672 911 2721 una
925 2649 1046 2743 adpre-

52 2752 220 2844 indat,
254 2752 403 2827 alteram
438 2772 522 2822 vero
546 2771 691 2820 manum
717 2771 862 2845 uterque
895 2768 1050 2841 externe

52 2856 190 2955 hgm
213 2873 370 2943 onerate
394 2846 585 2950 superficiei
612 2848 813 2942 adplicent3
845 2850 1048 2925 ermmin-

54 2960 142 3035 tibtrt
167 2954 268 3032 aoth
285 2980 381 3031 unco
406 2955 546 3029 interno
572 2951 743 3042 admotis,
771 2970 914 3053 uterque
939 2952 1049 3028 istum

51 3058 265 3139 fulmineum
291 3055 558 3153 persentiscent.

100 3168 152 3255 a)
182 3160 297 3237 Arcus
321 3159 541 3235 condustoris
564 3180 637 3232 una
661 3159 885 3248 extremitas,
910 3180 987 3254 quae
999 3154 1050 3229 in·

54 3284 156 3343 terno
183 3265 267 3340 vitri
293 3286 389 3338 unco
413 3260 634 3337 admovenda
660 3262 753 3349 en't,
780 3284 888 3335 manu
912 3279 1050 3334 unate-

58 3388 200 3457 ntatur‚
237 3364 289 3442 ita
314 3388 353 3439 ut
382 3366 418 3438 in
443 3363 696 3439 exoneratione
722 3364 802 3437 vitri
829 3362 952 3435 eadem
979 3383 1052 3437 rna·

63 3490 127 3543 nux
144 3466 248 3543 fimui
274 3491 357 3541 cum
381 3466 602 3541 condustoris
627 3465 854 3540 extremitate
875 3484 967 3537 unco
989 3462 1050 3537 ad·

60 3572 192 3649 moreti
215 3565 345 3670 possim
369 3574 479 3646 attera
503 3586 624 3649 autern
649 3571 685 3645 δι
710 3590 836 3645 manus
871 3571 906 3645 ot
930 3584 1050 3685 extre·

888 3688 995 3747 mttas
