2654 4936
592 81 673 153 titis
697 79 756 150 lex
783 80 993 171 angulorum
1018 76 1181 168 crystallis
1207 80 1327 153 const

595 203 675 254 tura
704 177 775 275 ipsa
802 179 962 272 nuspiam
988 176 1211 273 suppeditat,
1237 180 1300 256 led

592 283 736 356 dublum
763 280 832 354 est.
859 279 974 375 Ipsum
1001 282 1141 376 quidem
1168 282 1327 359 nitria·

593 386 730 479 generis
765 381 900 455 basrbus
937 406 1010 456 non
1045 383 1136 457 adeo
1170 381 1323 461 firmiter

593 485 696 559 nobit
720 503 849 559 natura
874 484 915 559 in
940 484 1039 559 terris
1059 538 1070 576 ,
1087 508 1164 583 quo
1187 486 1322 581 nitrosae

593 579 727 675 ollem
754 606 792 661 ut
816 585 936 667 salitur
960 582 1176 677 substantie,
1200 588 1320 667 ex=hu

593 684 775 764 adfufiooe
810 709 907 786 aquae
931 687 1069 763 extrahi
1094 685 1204 765 solitu
1229 690 1303 767 edd

594 812 657 864 rea
681 788 729 863 est
755 788 805 864 sel
830 792 934 867 alerii
959 786 1068 865 fixum
1088 789 1305 889 vegetabile,

595 916 698 967 mum
723 914 744 966 e
768 891 885 967 mixto
909 891 1042 967 nitrum
1068 894 1299 991 genuinum,

594 992 663 1069 elle
687 993 801 1087 solet,
827 1014 902 1069 arte
924 991 1135 1070 obtinetur.
1166 996 1286 1074 Terra

593 1096 684 1171 locis
709 1092 799 1170 solet
822 1094 1062 1192 deprehendi,
1098 1095 1157 1172 ubi
1183 1099 1281 1195 prius
1314 1140 1327 1160 ι

593 1198 758 1273 animalis
783 1196 836 1273 vel
861 1198 1061 1294 vegetabilis
1085 1221 1322 1296 putruerunt,

592 1318 670 1375 tem
697 1297 808 1395 potest
832 1323 876 1375 ex
901 1301 997 1392 acri,
1023 1298 1220 1400 frigidoque
1244 1303 1327 1382 lau

594 1422 672 1495 guu
698 1403 930 1490 admovetur,
957 1403 1044 1477 item
1069 1429 1090 1475 e
1115 1404 1276 1501 crepitu,
1305 1414 1317 1483 l

590 1502 733 1589 larum,
759 1525 847 1595 quas
871 1501 1024 1595 spargit,
1061 1502 1088 1575 sr
1114 1506 1284 1583 cerbonib
1318 1545 1327 1564 κ

593 1620 672 1675 rur.
698 1598 780 1694 Jam
803 1598 990 1676 substantia
1023 1601 1167 1698 salina,
1206 1633 1286 1706 quae

590 1716 688 1777 terre
713 1699 823 1792 inest,
849 1700 983 1799 reipsa
1008 1706 1148 1782 acidum
1173 1713 1259 1786 nitri
1287 1739 1308 1789 e

593 1799 740 1879 busdam
767 1804 888 1894 terris,
926 1828 1001 1900 quae
1026 1832 1047 1881 e
1071 1812 1277 1905 corporibus
1303 1841 1324 1890 r

593 1907 649 1980 vel
675 1905 875 1999 vegetabilis
901 1903 1153 2000 putrefactione
1176 1912 1320 1991 secretae

592 2009 710 2081 latum
734 2006 899 2102 quidem,
925 2006 983 2081 sed
1008 2013 1140 2086 unione
1165 2035 1240 2091 tarn
1266 2019 1327 2093 de

588 2108 640 2182 ub
666 2106 786 2183 iisdem
813 2111 933 2200 terris,
962 2108 988 2182 fi
1015 2114 1119 2186 radiis
1145 2113 1314 2197 solaribus

594 2205 700 2287 facite
725 2212 910 2303 liberetur,
937 2219 1141 2311 avolerque.
