2700 5114
544 45 588 120 ad
614 63 737 118 ortum
762 42 906 115 nubium
932 42 1079 130 attinet,
1104 65 1153 115 eae
1177 45 1301 117 etiam
1331 47 1341 118 i

545 143 786 239 atmospharrae
821 143 1023 237 regionibus
1052 141 1170 218 subito
1199 145 1325 221 enasci

546 249 590 322 iis
616 246 820 340 vaporibus,
846 270 933 340 quos
958 269 1026 339 ope
1051 243 1240 321 solutionis
1275 249 1323 322 ad

547 353 577 424 ri
606 347 758 444 pollen.
788 366 874 443 371.
902 346 1083 436 diximus3
1121 346 1149 420 st
1177 374 1315 448 nempe

547 448 773 546 refrigeratus
798 473 923 546 aqueas
948 453 1240 547 evaporationes,
1269 479 1293 549 q
1326 487 1350 519 a

547 550 675 643 solvit,
700 550 1058 650 dimittereincipiat‚
1084 552 1215 641 utiam
1243 554 1350 630 ine·

549 653 734 745 enitrsdam
758 651 1128 751 semipraecipitationis
1155 656 1339 733 duntaxat

397 796 409 803 ·
548 772 632 850 tur,
655 754 951 855 quemadmodum
976 782 1012 833 n.
1039 780 1142 852 proc.
1166 758 1350 836 denebul

549 858 650 956 sepe
676 876 801 934 ventus
826 861 881 934 vel
907 856 994 954 ipsas
1017 857 1088 948 iatn
1112 858 1228 937 nubes
1247 860 1350 939 cons·

549 977 647 1037 certe
672 982 790 1036 aerem
815 962 1027 1056 pellucidum
1051 962 1226 1059 quidem,
1261 962 1324 1041 sed

549 1058 693 1161 poribus
716 1084 858 1156 gravem
883 1061 1019 1156 adfert;
1056 1065 1234 1161 quidum
1261 1067 1311 1143 ad
1346 1077 1350 1100 ¹

550 1161 790 1260 atmosphaerae
814 1166 999 1264 regionem
1022 1167 1203 1265 adpellit,
1235 1168 1344 1247 dimi

547 1264 614 1343 bus
636 1263 748 1342 subita
771 1268 919 1346 nubium
943 1288 1130 1346 enatarum
1157 1270 1269 1349 cansa
1298 1276 1345 1337 Κ

549 1388 595 1441 ro
618 1367 727 1442 nubes
751 1364 838 1464 sape
860 1369 1063 1468 disparent,
1088 1374 1177 1470 quin
1201 1372 1346 1451 relulran

545 1465 622 1540 vias
638 1519 650 1556 ,
666 1464 832 1564 suamque
854 1472 1011 1565 priorem
1023 1474 1325 1574 atmolphaerrpell

492 1574 496 1582 '
547 1586 759 1662 recuperat.
796 1567 950 1648 Evenire
982 1574 1074 1650 istud
1100 1578 1223 1671 potest
1248 1632 1260 1665 .
1287 1576 1315 1655 st
1346 1617 1349 1626 ¹

546 1686 719 1766 angeatur
743 1668 781 1743 in
805 1696 887 1748 aere
912 1675 962 1749 vis
986 1673 1144 1755 solvendi
1170 1704 1340 1779 vaporet,

546 1793 631 1846 cum
655 1771 781 1847 eodem
806 1771 919 1851 rursus
929 1779 967 1852 in
979 1783 1149 1857 volumen
1159 1782 1324 1881 diaphan

542 1872 602 1948 uel
639 1893 761 1948 ventus
786 1899 904 1952 aerem
942 1879 1124 1978 vaporibus
1160 1886 1330 1963 nondum

544 1968 713 2067 adferat,
749 1980 809 2074 qui
844 1981 990 2076 proinde
1016 2007 1161 2080 vapores
1186 1988 1346 2067 nubium

545 2094 678 2173 queat.

597 2180 704 2255 schot.
729 2176 829 2258 Solet
853 2185 965 2262 etiam
990 2186 1153 2286 evenire,
1177 2211 1222 2271 ut
1246 2195 1345 2275 radii

541 2279 816 2380 atmolphaeram
841 2285 1125 2368 calefacientibus
1149 2295 1341 2377 nebulaea

543 2383 629 2477 quin
665 2380 845 2463 solvantur
871 2390 1042 2484 penitus,
1078 2418 1299 2497 omnemque
1344 2439 1350 2466 ι

544 2479 644 2561 suun
670 2488 838 2580 perdant.
864 2488 958 2567 Fieri
981 2494 1079 2571 eninr
1104 2497 1312 2594 potest,-trt

543 2585 755 2708 continens3
781 2594 903 2670 calore
927 2591 1157 2720 rarefafimid
1170 2604 1335 2720 rolutni
