2700 5114
282 739 346 821 Dc
370 754 441 836 us,
467 755 564 833 Qum
587 756 646 819 Au
671 736 861 822 Turnum
885 747 954 849 dcc.
1006 744 1087 854 539

134 846 230 941 140:
269 866 337 943 19,
361 848 451 941 636.
490 846 534 921 ln
559 846 716 941 granulis
740 849 883 942 reperiri
907 849 1033 930 solet:
1067 854 1133 935 sub

134 952 264 1025 malleo
286 950 326 1026 iu
351 943 497 1025 frullula
520 942 673 1039 dill‘rlit3
707 971 815 1047 quam
848 951 897 1029 ob
929 951 1073 1033 caulam
1110 984 1134 1037 a

134 1049 340 1141 pust-uldam
366 1050 459 1127 inter
481 1048 714 1129 semimetalla
740 1053 858 1149 potius
881 1053 1055 1134 refertur.
1080 1058 1135 1139 A·

134 1166 200 1243 luc
227 1155 324 1251 regia
349 1150 513 1231 solvitur:
538 1180 626 1231 auro
652 1156 876 1248 immixtum,
912 1159 1030 1237 eidem
1059 1163 1135 1260 pal·

134 1260 246 1332 brem
272 1256 721 1349 conctlhr‚duui1iratem
754 1258 964 1337 imminuit.
1002 1271 1134 1365 Argeu-

134 1360 210 1431 lum
231 1354 404 1433 summam
430 1358 507 1456 post
532 1382 658 1435 aurum
682 1357 913 1436 dudilitatem
933 1361 1059 1444 habet.
1087 1364 1134 1444 Iu

134 1478 215 1551 gne
237 1456 337 1551 fluit;
363 1480 401 1535 at
427 1462 463 1536 in
489 1484 567 1554 eo,
606 1457 745 1536 tametfi
770 1459 901 1536 diutius
936 1464 1132 1562 persistat,

134 1558 189 1639 rix
217 1563 412 1661 quidquam
437 1562 484 1638 de
509 1563 663 1661 pondere
686 1557 750 1638 suo
772 1561 951 1658 deperdit.
974 1565 1134 1647 Solvitur

134 1682 222 1773 iqua
247 1659 359 1740 forti.
387 1661 471 1753 Ejus
496 1663 640 1741 bonitas
664 1664 869 1761 exploratur
893 1666 1135 1765 lapide-lydio,

134 1786 189 1841 eu
213 1784 298 1844 cote
323 1790 367 1842 cx
391 1767 628 1847 minutillrmis
651 1767 1135 1864 areuaegranulircoalcsccn·

134 1888 194 1961 c,-
218 1865 488 2047 ωὶοὲἀῆῑᾶιιιιι
513 1868 541 1946 fi
566 1865 740 1963 rufescat,
765 1893 914 1969 cuprum
924 1867 984 1949 irbi
994 1874 1136 1952 iurum

134 1982 208 2049 um
327 1972 378 2048 it.

134 2114 143 2179 3
171 1996 276 2173 49ξῖ
296 2070 451 2150 Pcrlelia
476 2074 623 2150 metalla
647 2068 805 2173 ignobilia
828 2071 927 2149 suut:
952 2098 1140 2173 cuprum,

134 2184 288 2269 crtum,
312 2177 518 2273 plumbum,
544 2181 580 2254 dt
604 2172 795 2253 stannum.
821 2181 972 2275 Captum
994 2177 1044 2256 ell
1068 2176 1139 2254 lei-

134 2278 428 2460 lillilsl:
438 2276 1141 2480 'iiiiiillllll'illll‘ll

134 2480 191 2563 'ua
217 2484 371 2561 matrice
395 2482 481 2582 saepc
507 2502 692 2581 argentum
706 2536 719 2576 ,
746 2502 851 2585 atque
875 2485 994 2562 etiam·
1011 2508 1140 2562 aurum

134 2588 336 2679 ldiuucium
361 2585 490 2662 habet.
515 2585 571 2661 Ex
596 2610 726 2683 cupro,
751 2590 787 2664 dt
810 2586 928 2683 lapide
948 2588 1142 2665 calamicca

134 2686 160 2760 ti
180 2686 380 2767 conficitur
403 2690 624 2765 orichalcum.
652 2687 712 2763 Est
738 2706 860 2765 autem
886 2692 974 2789 lapis
998 2685 1138 2765 calami.

134 2795 230 2867 naris
255 2791 570 2890 corpusminerale
581 2789 756 2884 solidum,
781 2793 931 2884 dutum,
957 2788 1139 2891 satispon·

134 2889 322 2985 lausum,
348 2893 481 2969 coloris
504 2915 597 2967 nunc
622 2892 820 2986 dilutioris,
858 2895 1037 2971 interdum
1061 2896 1138 2993 pal·

134 2990 208 3069 lde
229 2990 468 3087 flavescentia,
494 3010 538 3073 er'r
562 2996 686 3086 ziucb,
711 2991 830 3089 ferro,
865 3001 900 3076 dt
925 3018 1017 3073 terra
1054 3020 1139 3096 qua·

134 3095 225 3170 iam
251 3098 397 3174 aictlina
423 3097 558 3193 semper
582 3094 803 3173 conflatum.
828 3102 972 3173 Ferrum
990 3097 1038 3172 cll
1048 3098 1141 3173 stan·

134 3195 458 3378 uului}
479 3197 948 3375 mutilibu-
962 3196 1140 3375 llll:

682 3354 691 3372 ·
832 3352 844 3389 a

134 3328 357 3483 nmrii’sufro
382 3406 463 3499 igne
487 3400 670 3478 funditur:
696 3399 843 3499 rubigini
869 3398 1003 3497 semper
1013 3399 1063 3479 eli
1073 3400 1138 3477 ob·

134 3506 311 3586 mium:
345 3504 473 3583 salibus
497 3504 600 3582 facile
624 3502 801 3581 solvitur.
838 3498 976 3601 Quodsi
1012 3504 1140 3581 caddc-

134 3598 232 3688 hem
269 3633 369 3710 aquae
405 3606 540 3709 frigidm
564 3628 707 3705 repente
731 3606 993 3705 immergatur,
1027 3606 1142 3703 magia

134 3702 152 3775 ἱ
192 3709 319 3805 dum,
343 3708 536 3813 stagileque
561 3710 699 3788 evadit.
726 3708 771 3783 Iu
796 3707 885 3784 saxis
908 3708 1139 3807 rubigirmfit,

218 3812 502 3907 oerulciceutibus
526 3813 701 3891 nascitur.
725 3812 763 3887 Si
788 3834 956 3908 quaeras,
992 3836 1037 3886 an
1063 3814 1139 3886 cba-

134 3902 204 3989 ’ὗε
231 3944 255 3995 a
281 3915 378 3994 ferro
400 3916 563 4010 differat,
589 3916 670 4008 ajo,
695 3914 880 4010 chalybem
906 3938 981 3988 non
1005 3911 1073 3989 elle
1090 3914 1141 3988 di·

134 4016 374 4097 .··emcnlum
402 4047 422 4095 a
446 4017 541 4095 ferro
567 4020 610 4094 ad
637 4020 803 4094 ultimum
828 4013 1048 4113 perfectionis
1071 4017 1142 4089 luae

134 4132 274 4196 §tum
297 4125 462 4199 redudo.
488 4122 584 4199 Nam
609 4119 752 4217 chalybs
776 4141 819 4193 cx
840 4114 936 4193 ferro
955 4120 1066 4195 etiam
1077 4138 1140 4211 per

134 4230 157 4275 ·““
172 4244 261 4303 tem
283 4225 456 4307 elaborari
480 4223 617 4327 potest:
641 4221 726 4301 hiuc
749 4223 878 4321 duplex
895 4221 1024 4315 datur,
1049 4218 1140 4294 natl·

1030 4344 1092 4401 tus
