2700 5114
214 652 277 743 Dc
300 676 375 756 tta,
397 666 495 752 oon
518 662 577 735 ao
599 644 776 739 Tonanti
801 658 869 738 dte.
933 675 1008 761 555

154 787 175 844 o
199 785 276 843 tum
301 762 375 862 ipsa
399 762 527 841 tatium
548 758 812 855 diffimiiitudo,
837 778 921 837 cunt
943 764 1057 841 etiam

154 899 160 948 t
190 868 387 949 eorundem
423 878 506 943 cunt
538 862 712 941 extraneis
745 886 781 940 e.
804 885 840 962 g.
863 859 1059 960 sulphureis

154 962 276 1050 usculis
299 966 516 1049 consociatio
539 960 689 1043 diversae
712 966 814 1058 illac,
850 990 938 1065 quas
956 987 1060 1063 expa-

154 1105 199 1174 t,
223 1073 386 1177 saporum
410 1068 537 1170 speciae
561 1060 722 1147 inducit.
758 1063 975 1192 Quanquam
1007 1068 1063 1166 ¹02

155 1208 192 1259 tn
215 1173 457 1258 diiiimiiitudo
481 1194 557 1250 non
582 1194 666 1249 raro
688 1170 735 1249 ab
751 1174 825 1278 ipia
843 1184 1062 1283 organorum

154 1310 263 1367 eornm
286 1277 540 1394 constitutione
563 1275 757 1393 dependet.
793 1281 902 1366 Certe
925 1291 1024 1372 cibus
1041 1334 1061 1396 ·,

154 1392 209 1470 uni
232 1386 345 1489 sapit,
371 1381 473 1465 alieri
498 1375 652 1478 dtffiptt,
676 1382 721 1459 Gi
737 1385 797 1479 qui
822 1387 1064 1480 injuventute

154 1518 185 1576 :o
208 1494 329 1572 nostro
352 1488 487 1588 artifit,
511 1488 597 1589 saepe
620 1482 777 1569 eundem
800 1485 840 1565 in
858 1510 962 1574 aetate
982 1494 1062 1601 pto·

154 1623 213 1676 ote
237 1595 466 1677 adversamur
487 1646 498 1671 .
535 1594 641 1678 Unde
666 1588 811 1691 vulgare
843 1590 968 1677 illude
1009 1610 1063 1685 Da

154 1702 206 1778 ius
229 1727 290 1777 non
312 1700 356 1791 est
379 1699 633 1802 disputandam.
1005 1708 1010 1717 '

154 1803 207 1904 37.
233 1802 452 1903 Pracipuutn
476 1802 598 1903 gustus
620 1825 796 1905 organum
821 1822 1008 1889 externum
1026 1810 1066 1890 it't

154 1934 187 1984 ta
211 1904 384 2001 residete,
408 1925 548 1984 certum
570 1904 655 1985 est:
692 1927 734 1986 ut
765 1928 887 1988 autem
922 1931 1068 2014 pateat,

163 2009 380 2108 potiffimum
404 2006 457 2087 sui
481 2027 580 2104 parte
605 2007 643 2086 id
666 2030 843 2108 organum
853 2014 975 2115 lingna
983 2037 1067 2097 con·

154 2134 212 2205 at,
238 2111 439 2190 notandum
464 2110 536 2206 est,
563 2111 673 2189 tribus
697 2114 824 2193 tunicis
844 2116 977 2195 involvi
1000 2119 1070 2196 lin·

169 2213 418 2292 substantiam.
442 2210 590 2292 Extima
614 2213 697 2291 satis
720 2215 863 2313 densa,
897 2219 937 2296 in
961 2218 1073 2300 bmtia

154 2343 275 2418 ‚imque
299 2316 417 2416 aspera
442 2314 514 2410 est,
541 2316 578 2392 in
603 2316 750 2396 homine
773 2320 1003 2399 mediocriter
1013 2325 1073 2400 ln·
1105 2348 1110 2369 ¹

168 2420 293 2497 Altera
317 2418 413 2496 hanc
437 2418 567 2516 excipit
591 2418 753 2515 viscida‚
789 2446 833 2500 ac
867 2424 976 2502 veluti
1005 2428 1073 2504 cti·

154 2550 174 2599 tt
199 2523 353 2619 undique
377 2520 538 2621 pertusa:
563 2516 626 2597 sub
651 2520 717 2598 hac
743 2521 811 2602 fita
835 2524 885 2605 est
897 2526 1075 2606 membra·

154 2625 323 2725 papillaris
344 2678 356 2717 ‚
380 2649 402 2701 e
425 2648 497 2721 qua
521 2623 644 2722 ingens
668 2648 835 2705 numerus
858 2653 1075 2708 nerveomm

154 2753 239 2820 nm,
264 2744 352 2824 quos
371 2728 517 2826 papillas
541 2727 759 2822 nominant,
783 2732 959 2828 promicat
971 2760 988 2825 ,·
1012 2732 1077 2833 qui

154 2855 187 2908 cs
213 2827 378 2905 viscidam
404 2830 504 2905 illam
529 2830 690 2907 tunicam
714 2832 941 2929 pervadentes
962 2834 1078 2912 adex-

154 2958 203 3009 tm
227 2929 334 3030 usque
360 2932 616 3028 porriguntur.
651 2932 803 3034 Reliqua
838 2933 967 3037 linguae
1000 2934 1078 3014 sub·

156 3035 203 3112 tia
227 3058 272 3111 ex
298 3033 403 3108 variis
426 3029 544 3125 fibris,
569 3032 801 3137 musculisque
824 3035 1078 3116 contextaest.

154 3160 190 3215 ro
213 3157 357 3213 nerveas
383 3134 418 3208 id
442 3156 551 3228 genus
577 3137 723 3231 papillas
747 3159 794 3212 ex
818 3138 946 3213 intima
969 3162 1080 3216 mem·

154 3264 185 3317 ta
209 3237 473 3338 prominentes,
500 3227 568 3310 esse
593 3234 811 3331 potiffitnum
828 3260 1005 3335 organum
1015 3262 1081 3337 gu·

159 3396 170 3435 ‚
195 3339 373 3439 sequentia
399 3335 568 3413 suadent.
597 3341 649 3428 1)
677 3332 719 3411 ld
744 3340 1002 3439 genuspapiilae
1012 3343 1083 3419 mi.

154 3442 264 3541 'copio
289 3440 447 3538 inspecta
472 3439 642 3536 adparent
664 3461 787 3532 cavae,
826 3442 932 3542 inque
956 3460 1082 3522 canam

154 3546 194 3621 io
218 3545 378 3620 eminent
402 3543 633 3618 nervulotum
657 3540 836 3640 cuspides,
873 3568 958 3643 quas
983 3548 1081 3623 varie

154 3666 339 3739 unovent,
362 3648 401 3723 dt
423 3643 604 3742 exagitant
628 3640 753 3722 salium
780 3647 983 3741 particulae:
1006 3664 1085 3747 quta

154 3753 227 3826 iem
253 3746 410 3844 cuspides
436 3746 631 3823 admodum
653 3745 865 3841 irritabiles,
889 3743 1086 3847 suotaptis·

154 3878 179 3928 a
215 3851 262 3929 ad
296 3848 516 3947 excipiendas
550 3845 714 3949 saporum
738 3847 998 3948 impressiones.
1034 3856 1087 3943 2)

154 3956 217 4032 iius
242 3958 280 4031 in
305 3956 402 4050 apice
426 3952 555 4048 linguae
578 3951 628 4029 est
645 3953 808 4044 acutior,
832 3951 1023 4031 mediocris
1046 3952 1085 4029 in

154 4060 233 4151 dio,
259 4057 377 4132 nuilus
402 4076 486 4131 vero
512 4055 549 4129 in
574 4058 729 4153 partibus
747 4052 990 4134 inferioribus.-
1013 4053 1088 4148 iam

154 4184 177 4241 o
199 4157 373 4255 constat,
405 4155 605 4241 maximam
627 4159 837 4261 papillarum
861 4159 1007 4278 copiaan
1028 4156 1090 4279 ,re-

933 4283 1039 4363 pettit
