2654 4936
185 39 999 389 —

218 681 293 763 De
315 680 500 778 huntur,
522 705 572 765 ar
594 683 782 770 Cornum
895 707 955 795 ορ

185 792 275 890 μὴ
303 789 453 865 minutis
476 786 636 868 secundis
666 794 820 872 horariis
848 804 1006 894 percurri

185 918 231 967 tm
270 912 402 988 45000
441 892 608 970 milliaria
632 900 868 995 germanica.
904 903 1004 981 Cum

187 994 302 1072 inuris
334 992 499 1071 distantia
523 994 616 1073 Solis
640 1025 661 1074 a
687 1002 813 1076 teiiure
838 1024 999 1101 oquerur

185 1094 545 1198 738semidiamettis
557 1098 767 1177 terrestribus
778 1104 993 1203 (Gen383),

185 1220 206 1277 ¹t
242 1196 508 1276 semidiameter
529 1200 701 1281 terrestris
736 1208 990 1303 compledatur

206 1303 419 1401 germanica
444 1304 612 1379 milliaria
647 1310 753 1394 (Gerr.
772 1312 905 1405 424);
937 1312 990 1387 iu·

185 1466 189 1479 .
216 1405 410 1481 dimidium
431 1405 532 1479 horat
556 1407 790 1503 quadrantem
826 1413 986 1511 adeoque

185 1535 197 1583 t
233 1510 377 1583 minuta
435 1508 586 1595 secunda
635 1510 806 1606 percurrit
845 1508 989 1591 circiter

185 1644 190 1679 t
212 1610 387 1685 milliaria
410 1611 633 1709 germanica.

185 1737 217 1788 2.
251 1710 311 1788 Ex
336 1710 392 1784 his
417 1710 663 1811 consequitur,
685 1712 812 1793 Solem
837 1738 858 1791 a
884 1715 985 1791 uobis

185 1839 237 1891 tue
258 1814 413 1890 dimidio
438 1815 541 1905 hore,
559 1818 775 1914 quadrante,
802 1812 986 1917 postquam

185 1915 255 2014 tpie
293 1911 385 1991 infra
410 1915 634 1994 horizontem
657 1914 815 1995 nostrum
847 1918 981 1999 denter-

185 2019 325 2096 renim
352 2025 434 2109 iux,
460 2045 566 2118 quam
590 2020 748 2113 emittit,
770 2016 858 2097 auin
870 2026 980 2098 arriu-

185 2124 323 2199 mrtiem
347 2120 542 2199 horizontis
566 2144 721 2219 partem,
746 2118 886 2199 nonnisi
906 2120 981 2223 post

196 2225 334 2299 circiter
360 2223 456 2299 horae
481 2226 714 2321 quadrantem
739 2225 784 2298 ad
810 2248 876 2299 nos
902 2251 977 2322 per-

185 2351 223 2401 ro
258 2347 427 2425 praterea
460 2322 627 2401 rci‘raeiio
662 2347 801 2422 quoque
837 2326 979 2401 luminis

185 2426 310 2522 thoe,
344 2448 384 2503 ttt
409 2424 553 2521 Solem,
588 2426 661 2515 iarn
699 2422 791 2502 infra
817 2424 981 2504 horizon·

185 2528 314 2623 etrum,
349 2532 467 2627 aliquo
491 2551 653 2625 tempore
688 2528 889 2605 rideamus:
925 2532 980 2607 uti

185 2638 237 2727 ir,
267 2657 350 2734 quae
373 2629 477 2727 Phys.
497 2632 591 2708 Gen.
612 2657 650 2706 n.
665 2628 739 2730 348
765 2628 811 2706 de
835 2632 978 2708 luminis

208 2737 303 2813 dida
328 2734 428 2811 sunt.

190 2836 312 2915 ‚Cum
338 2857 437 2915 tanta
463 2836 504 2913 fit
527 2837 666 2913 luminis
690 2838 873 2928 celeritas;
899 2837 976 2910 nui-

185 2943 241 3016 rile
266 2944 488 3017 intervalium
515 2942 682 3038 temporis
709 2940 892 3016 intercedit
919 2939 973 3013 in·

185 3065 299 3134 ttum,
323 3067 395 3142 quo
420 3044 508 3138 ignis
536 3041 720 3134 terrestris,
744 3066 776 3119 e.
789 3064 825 3141 g.
836 3039 973 3117 fulmen

185 3168 225 3222 oe
249 3145 389 3237 radios,
422 3151 459 3221 dt
484 3169 556 3243 quo
578 3146 668 3220 radii
697 3146 746 3219 iili
781 3144 827 3222 ad
851 3144 974 3218 oculos

185 3248 370 3323 tveniunt.
395 3243 499 3326 Unde
525 3245 576 3321 sat
602 3269 763 3321 accurate
789 3245 908 3319 metiri
935 3249 974 3317 li-

185 3349 353 3447 tmnporie
372 3349 615 3440 intervallum,
641 3372 713 3445 quo
738 3346 842 3422 sonus
867 3369 973 3443 e.g.e

185 3455 321 3531 tinente
357 3452 401 3525 ad
437 3476 536 3526 aures
560 3449 694 3524 nostras
728 3449 919 3546 pertingit:
946 3446 971 3521 st

185 3572 336 3630 recurate
361 3579 519 3629 numeres
545 3576 605 3629 eos
633 3553 767 3626 arteriae
794 3574 862 3627 tuae
897 3550 973 3646 ptri·

185 3659 388 3731 interlueem
413 3653 567 3733 fulminis
594 3650 724 3745 visam,
750 3652 970 3748 &fragorem

185 3755 410 3834 intercedunt.

185 3854 207 3933 i.
246 3856 377 3937 lumen
414 3885 474 3957 per
511 3857 672 3960 medium
706 3855 967 3956 homogenetun
1036 3938 1057 3967 J,

185 3984 209 4034 tr
232 3956 300 4039 ime
316 3962 465 4040 sensibili
492 3960 704 4054 renuentia,
730 3956 802 4051 e'jus
825 3983 967 4037 motum

189 4117 200 4137 ·
228 4061 321 4143 Nam
344 4062 617 4166 quotiescunque
642 4066 822 4143 exeodem
848 4062 966 4145 medio

185 4193 236 4251 :re
270 4166 331 4249 sub
358 4172 491 4346 rodet}
509 4169 640 4264 angulo
666 4166 789 4244 incidit
813 4187 851 4282 e..
868 4186 902 4261 g.
929 4156 967 4275 in

540 4289 560 4368 3
817 4287 921 4365 rrqe·
