2700 5114
558 87 620 161 sub
644 110 816 182 qunaqua
831 84 1090 159 inobstaculum
1103 82 1255 155 incurrit
1273 105 1325 171 ,e
1347 119 1350 143 ι

556 189 655 264 Nam
681 189 805 262 ceteris
831 187 965 282 paribus
1001 190 1047 273 1)
1082 185 1189 278 dupla
1229 181 1350 279 supe

556 294 680 364 datum
707 312 843 381 tempus
868 290 1010 383 duplam
1036 289 1152 381 utique
1180 285 1344 373 ejusdem

554 395 702 486 excipit,
716 394 816 484 tripla
831 393 993 486 triplam:
1019 394 1058 478 2)
1069 387 1217 462 fluidum
1234 414 1350 486 ‚qun

555 494 626 585 rit,
652 494 775 569 ceteris
800 492 1046 581 manentibus,
1071 515 1115 566 eo
1141 491 1290 578 majore

556 595 662 671 titate
687 595 785 692 agit:
814 597 863 689 3)
889 619 961 691 qun
986 590 1099 682 maior
1122 592 1173 668 est
1191 594 1338 669 cederit

419 712 422 719 ’
556 697 716 793 inprimis
739 718 785 771 eo
810 701 885 794 ptus
908 720 1004 793 nquae
1030 695 1177 770 incurrit
1202 698 1247 769 in
1261 696 1339 773 obst

553 819 611 875 tra
635 800 761 875 datum
788 816 943 895 tempus,
967 799 1096 875 deinde
1119 796 1293 896 qualibet
1319 826 1342 877 a

553 906 635 975 cuda
659 923 706 976 en
729 900 903 989 majorem
927 922 1046 977 motus
1067 900 1318 999 quantitatem

555 1003 705 1098 proinde
730 1002 853 1080 ceteris
878 1004 1012 1101 paribus
1038 1002 1089 1078 est
1111 1016 1267 1077 υπς’.

605 1106 713 1179 schol.
740 1106 857 1204 Atque
892 1104 974 1181 hinc
1001 1108 1101 1204 plura
1136 1105 1215 1193 jam
1240 1105 1349 1183 utilia

553 1202 674 1303 suapte
699 1204 836 1298 fluunt3
861 1230 892 1281 e.
919 1231 954 1305 g.
981 1206 1335 1287 celeritatefluminis

488 1314 498 1333 ‘
552 1310 679 1402 auda,
703 1307 855 1398 ejusdem
881 1310 953 1386 vim
980 1308 1215 1406 percuffivam
1243 1336 1318 1389 nnn

549 1407 609 1480 sed
635 1409 672 1479 in
697 1412 930 1505 quadruplum
958 1414 1100 1509 augeri.
1128 1413 1267 1491 Addidi
1288 1438 1349 1491 aut

549 1510 688 1601 angulo,
709 1507 769 1600 sub
793 1535 854 1603 quo
876 1533 963 1606 aqua
988 1515 1023 1587 in
1046 1511 1249 1599 obstaculum
1272 1518 1342 1595 im

546 1609 644 1682 enim
669 1609 806 1685 variato
832 1614 958 1687 variari
983 1616 1093 1691 etiarn
1121 1619 1344 1719 impnstnse

549 1704 711 1793 Thentia
733 1713 832 1809 plani
857 1713 1017 1794 inclinati
1042 1741 1160 1817 patet.

960 1927 992 2013 §.
1044 1920 1132 1996 IV.

567 2118 622 2193 De
646 2113 807 2213 Nebulis,
832 2074 1182 2225 Nubibusitd’luvia,
1212 2140 1335 2237 Rore,

837 2229 1031 2322 Grandine,
1048 2225 1090 2307 (5
1112 2236 1268 2312 Pruina.

541 2443 631 2522 425.
646 2424 847 2600 NEdulae
871 2429 953 2508 sunt
978 2437 1157 2532 congeries
1182 2464 1327 2539 vaportt

610 2627 622 2648 .
761 2556 830 2628 pue
853 2558 1071 2631 aqueotum,
1099 2565 1205 2637 prope
1232 2543 1343 2641 snper

538 2646 585 2699 m
603 2649 660 2704 tta
686 2652 973 2712 coacervatorum
1000 2694 1011 2726 ‚
1049 2662 1090 2715 ut
1116 2666 1235 2718 terem
1265 2647 1350 2723 soii
