2700 5114
303 789 366 870 Dn
389 804 468 882 us,
491 802 590 875 Qum
611 802 671 863 an
692 782 867 865 Tnnaru
890 789 957 866 &a
1032 812 1105 892 53¹

212 895 301 989 462.
322 890 504 989 Lapidum
526 887 604 963 snas
627 888 674 973 in,
690 886 809 967 classes
832 888 980 985 divino,
1005 914 1080 975 non
1103 896 1158 977 se·

154 1012 221 1066 cus
246 1018 288 1071 ac
314 1013 509 1083 terrarum,
535 989 650 1065 varios
673 989 767 1087 apud
792 992 944 1068 Antores
970 997 1066 1073 varia
1093 998 1155 1077 elle

154 1112 225 1171 uos
248 1096 446 1172 uberiorem
463 1092 542 1184 ejus
562 1092 868 1188 peruastationem
893 1092 1058 1173 Historia
1083 1100 1159 1179 Na·

156 1199 283 1273 ruralis
304 1193 539 1292 Scriptnribns
562 1192 818 1292 relinquentes,
843 1196 997 1292 primum
1020 1200 1065 1275 de
1088 1224 1156 1279 no·

154 1288 305 1390 bilibus,
330 1298 453 1375 deinde
475 1296 522 1371 de
546 1293 728 1392 vilioribus
751 1296 922 1391 lapidibus
945 1298 1096 1381 breviter
1118 1329 1159 1382 a·

154 1418 303 1495 gemus3
326 1399 473 1476 demum
496 1394 678 1473 etiam-de
703 1394 858 1491 figuratis
882 1398 1071 1498 lapidibus,
1086 1428 1160 1483 neu

154 1525 232 1578 non
256 1503 317 1594 iis,
341 1504 400 1600 qui
424 1502 471 1577 de
494 1497 705 1575 animalibus
729 1518 851 1574 ortum
876 1500 1031 1597 ducunt,
1064 1531 1158 1607 quae·

154 1602 254 1701 piam
277 1603 467 1692 adjcsluri.

204 1713 296 1805 463.
321 1702 475 1801 Lapides
497 1701 666 1796 nobiles,
699 1726 789 1801 quos
816 1728 971 1803 gemmas
1004 1727 1159 1805 vocant,

154 1802 569 1905 lauegregiaepolirurrr
585 1828 753 1902 capaces,
778 1805 942 1905 pellucidi
954 1859 966 1899 ,
991 1808 1159 1889 omnium

154 1908 318 2009 lapidum
342 1906 531 1985 duriffinri.
556 1906 649 1984 Sunt
674 1928 795 1984 autem
820 1907 1021 2008 sequentes:
1060 1910 1158 1991 Ada-

154 2034 256 2106 mas,
292 2010 478 2101 Rubinus,
512 2008 730 2108 Sapphirus,
755 2008 953 2106 Topazius,
981 2011 1159 2113 Smarag-

154 2116 251 2206 dns,
276 2112 522 2209 Chrysolitus,
557 2110 804 2205 Amethystus,
830 2112 1033 2206 Granarus,
1058 2112 1167 2212 Hya-x

154 2217 327 2309 cinthus,
352 2220 390 2295 dl
413 2213 582 2333 Berillus.
608 2212 753 2329 Duririe
777 2213 849 2291 hoc
874 2212 1098 2389 spspffdin‘
1121 2217 1160 2301 se

154 2316 1158 2601 {piissslsd‘slqdiffiuiilisff'&silisis
1186 2364 1190 2375 '

208 2548 280 2601 uus
341 2544 372 2597 c.
921 2584 925 2589 .

155 2544 179 2667 2
205 2634 296 2724 4⁶4·
322 2623 474 2697 Adamas
499 2619 573 2699 sure
597 2623 718 2701 colore
743 2612 850 2709 ffillar
871 2623 1160 2725 'aquaelimpidis·

154 2746 225 2806 lnae
251 2727 442 2824 pellucidus
465 2722 538 2801 est.
564 2723 601 2801 A
624 2723 682 2801 Cl.
709 2728 879 2807 wallerio
903 2729 1026 2803 Miner.
1036 2752 1070 2827 p.
1084 2746 1159 2824 150

154 2829 399 2933 quadruplices
435 2830 644 2903 adamantes
678 2832 952 2907 enumerantur:
981 2835 1022 2922 r)
1060 2830 1158 2907 Ada-

154 2956 233 3012 mas
257 2929 431 3008 osiaedrrrs
455 2928 670 3022 urbinatae,
705 2932 766 3029 qui
790 2931 830 3006 in
853 2929 1037 3029 cuspidem
1059 2932 1158 3021 pdo-

178 3059 292 3111 onam
315 3030 461 3107 definit.
487 3029 594 3123 Tales
616 3028 697 3107 sunt
721 3033 874 3131 optimi,
897 3036 936 3111 bt
960 3028 1162 3125 durilsrmi,

154 3060 305 3313 iura
328 3130 1157 3334 erlffirusslnrrsrurau

154 3337 291 3419 scissus.
310 3290 360 3436 ²3)
385 3337 595 3428 Teffalatus,
620 3328 717 3429 quafi
741 3357 761 3407 e
786 3331 915 3409 refferis
937 3333 1159 3430 variiscoag·

154 3461 364 3525 nemaeus.
390 3444 432 3536 4)
458 3437 623 3533 Denique
648 3433 870 3539 rotundatas,
898 3435 963 3533 qui
986 3439 1064 3534 plus
1088 3436 1157 3519 mi·

154 3570 224 3627 nus
249 3542 445 3634 rotundus,
478 3536 688 3641 quandoque
711 3535 823 3611 etiarn
843 3534 1092 3631 semirotundae
1113 3534 1157 3614 ss·

154 3660 254 3749 gurm
287 3644 360 3723 ἀ.
394 3641 607 3735 Huiusmodi
641 3637 850 3719 adamantes
877 3636 959 3717 sunt
991 3641 1158 3717 omnium

154 3744 381 3841 molliffiml,
418 3770 461 3822 ac
485 3743 625 3835 ultimi,
661 3741 887 3843 proximeque
913 3743 1085 3821 accedunt
1111 3740 1158 3819 ad

154 3846 365 3950 ¹crystallus:
391 3869 495 3948 atque
522 3846 609 3929 tales
635 3845 839 3945 plerumque
862 3841 976 3919 solent
1000 3840 1068 3918 elle
1089 3866 1154 3919 eu·

155 3956 288 4055 replui.
322 3953 564 4049 Reperiuntur
599 3948 805 4024 adamantes
835 3946 947 4024 etiam
981 3940 1155 4036 subflari,

154 4054 340 4150 subrubri,
363 4075 430 4130 nce
455 4074 528 4128 non
552 4049 681 4127 coloris
706 4047 874 4127 subsensi
894 4103 909 4142 ,
941 4049 1002 4147 qui
1027 4044 1155 4146 passm-

154 4154 215 4239 nri
229 4158 383 4247 Murices
407 4170 603 4235 vocantur:
616 4146 685 4233 sed
707 4151 886 4335 llrilpretiu
908 4152 1037 4232 cedunt
1063 4149 1156 4269 illia,

815 4277 843 4339 2
872 4328 878 4341 .
982 4316 985 4321 -
1032 4276 1107 4355 ,qu
1131 4296 1148 4329 .-
