2700 5114
146 38 925 417 -

293 686 357 771 Du
379 707 449 783 ru,
473 705 568 779 Qurn
593 702 651 769 tn
673 684 848 771 Tanau
872 692 940 773 dte.
1017 705 1091 801 565

147 780 228 871 sant
253 793 393 873 sentinis
417 793 643 886 llrudutatn,
667 794 704 869 in
728 818 798 891 qua
824 798 1143 897 primaplantaeru-

162 896 326 975 &menta
354 916 458 973 tanto
482 892 633 973 artificio
657 892 840 973 elaborata
876 924 1093 997 cernuntur,
1119 932 1143 984 a

156 1000 282 1093 planta
316 996 410 1074 effici
445 998 595 1075 omnino
630 1020 705 1071 nou
739 996 861 1095 posse.
899 1002 948 1079 At
973 1008 1146 1103 quoniam

152 1104 279 1190 planta
314 1099 440 1198 quotis
473 1116 549 1175 tarn
585 1094 817 1192 artificiosis,
850 1099 987 1202 suaeque
1020 1106 1147 1205 speciei

147 1202 302 1299 propriis
335 1200 474 1295 organis
507 1197 668 1275 instruda
694 1198 770 1289 fit3
804 1202 895 1281 nihil
927 1206 1011 1283 sane
1047 1229 1145 1288 vetat

147 1304 314 1396 credere,
349 1322 408 1376 eas
432 1298 481 1377 fic
507 1298 575 1376 else
598 1295 866 1395 conformatas,
903 1328 944 1382 ut
970 1332 1039 1405 ope
1063 1310 1146 1387 suo-

147 1424 231 1481 rum
253 1426 491 1503 organorum,
517 1399 611 1477 succi
636 1402 811 1494 nutritii,
846 1410 972 1483 caloris
995 1410 1146 1491 necessa·

147 1504 188 1581 ·ii
216 1508 285 1585 &c
321 1528 463 1597 ramos,
489 1500 596 1594 solia,
634 1498 825 1601 floresque·
839 1504 917 1580 suos
949 1514 1142 1606 producere

147 1624 303 1706 quant,
327 1607 413 1705 quin
436 1606 513 1683 hcc
538 1606 660 1681 omnia
687 1604 724 1679 in
750 1604 867 1700 primo
890 1605 1022 1687 semine
1034 1614 1141 1693 initio

147 1709 272 1787 nundi
297 1709 369 1799 iant
403 1703 589 1789 efformata
625 1707 829 1785 latuerint:
863 1704 1038 1789 flantem
1075 1713 1140 1794 isia

147 1812 293 1909 produci
319 1807 490 1910 possunt,
525 1806 704 1904 nonest,
739 1832 801 1885 cur
824 1808 954 1889 eodem
989 1813 1142 1894 artificio

147 1933 296 2015 nequeat
321 1910 434 2009 ipsum
456 1913 568 1990 etiam
592 1910 711 1987 semen
735 1912 781 1988 de
806 1934 904 1989 noro
926 1912 1091 1993 formati.

195 2038 286 2113 499.
311 2010 418 2113 Quod
442 2017 486 2093 ad
509 2015 745 2091 nutritionem
772 2020 972 2112 plantarum
999 2021 1142 2099 attinet:

148 2120 250 2199 radix
276 2119 313 2193 in
351 2138 485 2196 terram
509 2114 626 2195 defixa
659 2112 802 2193 succum
827 2120 1040 2214 nutritium,
1076 2120 1142 2200 fibi

148 2220 421 2299 convenientem
445 2219 598 2319 excipit,
623 2241 667 2295 ac
692 2218 737 2294 ad
749 2214 852 2297 fibras
861 2217 1023 2319 sugentes
1034 2221 1144 2299 trans

148 2324 295 2417 mittit,
331 2348 393 2421 per
416 2348 504 2420 quas
528 2323 565 2397 in
590 2319 806 2415 caudicem,
840 2346 992 2410 ramos,
1029 2322 1142 2418 solia,

148 2422 277 2516 dores,
303 2428 338 2503 dr
361 2423 490 2502 studius
513 2423 693 2501 attollitur
716 2446 759 2500 ea
784 2425 842 2516 vi,
866 2449 936 2525 qua
961 2422 1071 2505 fluida
1089 2433 1145 2505 ul·

148 2546 204 2609 tra
238 2526 396 2605 libellam
431 2526 620 2622 adsurgunt
655 2525 693 2599 in
729 2523 857 2603 tubulis
890 2528 1141 2626 capillatibus.

148 2630 263 2711 Porro
297 2630 467 2707 nutritius
501 2628 623 2705 succus
659 2650 734 2702 non
767 2628 880 2703 modo
914 2629 1070 2707 ascendit
1095 2631 1142 2707 ad

148 2732 343 2831 hperiotcs
368 2734 495 2829 plantae
520 2752 660 2829 partes,
694 2727 913 2829 {angulosque
939 2754 999 2828 per
1023 2754 1145 2807 ramos

148 2828 381 2926 dffiitndirur,
405 2833 465 2910 sed
489 2835 600 2910 etiam
625 2858 648 2909 a
672 2828 872 2929 supremis,
906 2832 1142 2933 extremisque

148 2934 300 3035 partibus
326 2935 453 3010 iterum
477 2939 525 3013 ad
549 2937 683 3011 radices
706 2932 922 3026 descendit,
956 2955 1062 3033 atquc
1087 2938 1141 3012 ita

148 3032 365 3115 muntem
389 3037 660 3115 circulationem
684 3033 812 3116 habet.
846 3035 945 3113 Nam
979 3037 1142 3136 inprimis

148 3136 269 3217 succro
303 3140 398 3231 illc,
430 3141 490 3236 qui
527 3142 688 3235 proxime
713 3136 901 3213 ascendens
926 3159 986 3231 per
1012 3139 1142 3233 plantae

148 3240 300 3334 radices,
325 3260 557 3337 truncumque
581 3237 759 3326 excurrit,
784 3235 1055 3332 deprehenditur
1072 3236 1141 3315 esse

148 3340 311 3434 crassror,
335 3340 519 3439 minusque
543 3335 716 3437 digestus,
752 3359 862 3434 quarn
887 3355 928 3409 ut
956 3337 1140 3415 teneriori·

148 3448 211 3525 bus
234 3443 308 3536 ejus
331 3443 536 3521 ramusculis
569 3438 765 3518 nutriendis
791 3457 892 3533 aptus
927 3437 995 3513 esse
1020 3439 1140 3517 videa·

149 3572 228 3642 τως
253 3546 424 3647 percolari
449 3570 536 3643 ergo
561 3547 654 3640 prius
678 3541 781 3627 debet
808 3538 1051 3633 ascendendo,
1077 3542 1139 3618 de·

149 3649 431 3746 ieendendoque,
455 3666 497 3724 ut
521 3668 583 3723 eos
607 3647 742 3723 nutrire
765 3660 892 3741 queat.
918 3640 1062 3717 Deinde
1079 3666 1135 3740 pe·

149 3753 262 3831 rennis
286 3751 347 3828 ille
371 3748 461 3826 succi
488 3748 628 3827 nutritii
654 3745 820 3823 circuitus
844 3742 881 3817 in
906 3743 1035 3840 plantis
1058 3748 1136 3843 qui·

149 3853 289 3933 ¹rustlarn
312 3848 495 3933 manifeste
532 3848 763 3946 conspicitur.
803 3843 840 3921 Si
866 3846 962 3920 enim
997 3847 1136 3925 ardiori

149 3957 309 4049 sineno,
336 3979 368 4032 e.
392 3977 428 4052 g.
454 3951 567 4031 ferreo
590 3952 727 4029 circulo
752 3943 942 4026 transverse
967 3947 1134 4025 constrin-

149 4076 301 4161 gantur3
328 4077 473 4138 truncus
495 4053 647 4155 ipsarum
671 4055 773 4233 sqqrra
811 4048 989 4129 vinculum
1018 4069 1135 4155 turge-

730 4177 756 4229 u
805 4172 828 4255 3
1046 4176 1084 4231 te
