2654 4936
361 640 430 718 Dr
458 638 632 722 draucr
656 639 915 729 Fturnouuu·
1051 672 1098 731 rr

179 758 260 831 hm.
281 741 457 842 Qulibet
483 745 587 834 hujus
612 743 709 822 strati
736 772 813 843 pars
845 751 869 823 d
895 752 1066 847 premitur
1090 754 1154 832 de·

179 858 275 933 rium
308 855 343 923 ab
375 849 612 926 incumbente
645 848 705 926 stbi
732 852 901 927 columna
927 855 1010 946 σάς
1036 857 1161 955 quibus

179 955 366 1061 prffiouius
391 948 462 1044 fit,
508 973 551 1028 ut
574 952 730 1043 ejusdem
766 951 862 1031 strati
888 980 966 1051 pars
999 959 1110 1056 globo
1133 980 1159 1033 a

179 1062 287 1150 dieu
319 1057 482 1132 eundem
513 1054 662 1154 globum
688 1058 823 1135 sursum
846 1079 1002 1154 premat.
1040 1061 1161 1158 Atque

179 1168 400 1241 mutumne
423 1156 480 1231 cd
505 1156 629 1255 preffio
656 1162 792 1259 semper
802 1161 912 1247 ¹elidit
936 1168 1158 1245 contrariam

179 1264 350 1367 predonem
376 1266 556 1339 columnae
592 1263 703 1361 globo
727 1263 986 1342 incumbentis:
1023 1268 1158 1345 clarum

180 1369 246 1447 nim
267 1365 316 1442 eii
340 1365 554 1441 columnam
578 1364 630 1439 cd
652 1365 786 1465 semper
809 1370 990 1449 maiorem
1002 1363 1071 1445 effe
1095 1389 1159 1451 eo·

179 1456 268 1577 hoa
292 1468 400 1568 giobo
411 1467 660 1565 incumbente,
685 1488 863 1568 uteunque
885 1467 1057 1565 profunde
1080 1470 1159 1567 glo·

179 1574 217 1651 'iu
235 1577 290 1647 iiie
315 1574 352 1647 in
375 1566 530 1645 fluidum
557 1571 813 1675 immergatur.

211 1679 259 1751 Ad
281 1674 384 1750 atum
404 1678 454 1758 dt·
481 1668 683 1768 Urinator‚
718 1672 784 1753 etii
822 1672 867 1749 ab
891 1673 989 1772 aquis
1012 1669 1158 1747 marinis

188 1782 303 1874 utique
325 1792 530 1875 prematur,
567 1778 605 1851 in
628 1778 799 1854 mediocri
827 1795 948 1853 tamen
975 1771 1159 1872 profundi·

190 1902 236 1961 ue
254 1903 320 1954 non
342 1878 449 1977 debet
474 1878 700 1977 nimiopere‚
738 1886 773 1960 δι
798 1902 881 1955 cum
906 1877 1041 1955 doloris
1060 1872 1159 1954 sensu

190 1982 355 2087 pnprimi.
388 1974 488 2057 Nam
514 1976 638 2080 predio
662 1980 763 2059 fluidi
791 1983 950 2082 undique
974 1978 1157 2079 equabiiir

191 2086 245 2179 d,
273 2108 337 2181 que
359 2082 512 2182 proinde
529 2087 669 2162 'trullam
694 2083 807 2163 efficit
832 2085 1075 2185 membrorum
1103 2084 1158 2157 lu·

192 2191 356 2281 urionem,
388 2202 453 2263 aut
477 2184 747 2281 distortionem,
783 2187 916 2265 scilicet
955 2213 1040 2264 cum
1071 2183 1157 2260 huie

194 2290 314 2391 pedoni
344 2310 405 2366 aer
430 2290 530 2364 intra
569 2310 884 2384 noscentem,
921 2285 1157 2381 humoresque

195 2390 332 2471 reddant:
364 2389 424 2466 ubi
450 2409 572 2467 autem
599 2396 698 2470 nuile
722 2391 774 2469 est
799 2392 1039 2467 membrorum
1065 2393 1162 2465 luxa·

196 2495 502 2594 deminutoque,
526 2495 574 2570 ibi
599 2497 702 2573 dolor
727 2492 847 2570 sentiri
874 2492 1081 2570 nonsolet.
1108 2488 1162 2563 At

191 2596 211 2677 i
225 2601 258 2676 od
273 2601 422 2677 nimiam
452 2620 623 2695 aquarum
648 2597 876 2673 altitudinem
900 2592 1026 2695 preisro
1052 2590 1161 2667 fuerit

191 2702 286 2798 pinia,
317 2700 592 2794 madenam,
631 2724 673 2776 ac
698 2700 868 2775 humores
904 2700 999 2773 intra
1036 2715 1161 2791 corpur

188 2806 333 2885 rinatoris
359 2806 437 2895 jam
463 2799 661 2903 nimiopere
684 2801 994 2895 constringantur3
1021 2795 1162 2874 evenire

185 2914 276 2999 puerit
298 2905 622 3006 (quemadmodum
645 2906 762 2982 evenit
798 2905 909 2979 etiam
935 2900 1164 3001 quandoque)

182 3010 348 3109 esanguis
373 3037 395 3084 e
425 3007 594 3103 naribus,
629 3006 809 3105 oculisque
835 3006 1076 3103 exprimatur.
1114 2997 1163 3077 Et

180 3114 234 3192 dne
253 3137 405 3214 corpora
429 3107 549 3187 fluido
571 3108 736 3190 immersa
772 3109 816 3187 ab
840 3110 969 3186 eodem
1007 3109 1163 3203 undique

179 3221 295 3312 reni,
323 3216 384 3293 vel
423 3212 574 3312 sequens
605 3217 890 3315 experimentum
928 3209 1162 3307 comprobat·

179 3318 231 3401 Uni
254 3318 476 3400 extremitati
505 3317 584 3392 tubi
602 3319 706 3397 vitrei
729 3314 765 3392 C
788 3319 889 3415 (fig.
906 3319 984 3410 17)
1003 3313 1166 3407 utrinque
1190 3303 1267 3400 fig·

179 3427 265 3523 tperti
290 3422 473 3521 adligetur
501 3419 611 3498 vefica
640 3421 685 3499 M
708 3443 918 3520 quocunque
944 3421 1080 3515 liquore
1099 3415 1167 3510 ple·
1198 3426 1256 3499 17.

179 3555 230 3620 a,
263 3528 309 3602 ita
329 3547 371 3603 ut
398 3547 490 3601 cum
517 3547 560 3600 ea
588 3525 690 3602 tubus
713 3527 773 3601 ille
800 3521 1168 3599 communicationem

179 3631 305 3706 abeat:
326 3629 563 3726 immergatur
593 3630 721 3708 eadem
746 3627 858 3703 Vesica
885 3648 983 3725 aque
1012 3627 1087 3714 ita,
1123 3634 1166 3693 ut

179 3736 268 3811 tltera
315 3730 382 3808 tubi
417 3729 552 3807 adnexi
585 3730 792 3812 extremitas
827 3729 863 3821 C
899 3750 999 3808 extra
1035 3754 1166 3835 aquam

179 3839 343 3914 mineat.
372 3831 558 3913 Preffione
592 3860 692 3936 aquae
728 3837 767 3910 in
806 3830 924 3911 vestcae
948 3834 1167 3931 superficiem

179 3963 262 4019 ruta
296 3939 502 4016 extruditur
524 3962 605 4035 pars
630 3940 773 4044 liquoris
796 3965 815 4015 e
842 3933 951 4015 vestra
979 3941 1166 4031 intubum,

179 4040 382 4143 denditque
410 4044 444 4118 in
468 4043 545 4117 hoc
565 4066 610 4119 eo
634 4049 767 4142 altius,
793 4067 864 4144 quo
891 4039 1000 4120 refice
1024 4034 1167 4143 prd'fun·

180 4138 224 4223 du
245 4174 348 4253 aquae
375 4145 631 4245 immergitur.

1060 4252 1120 4330 Ar
