2700 5114
249 746 311 826 Du
336 766 408 838 rrs,
432 756 526 834 ouae
551 761 609 822 ltu
632 743 805 824 Turtam
828 750 895 826 &e
949 772 1028 852 545
1098 768 1102 775 ·

150 854 276 943 solos,
313 874 437 926 verum
461 849 506 924 ab
529 846 585 922 bis
607 848 680 936 jam
712 852 750 925 in
774 850 866 928 hauc
890 852 963 940 jam
987 858 1085 932 ulte·¹

150 1006 153 1022 .
191 970 329 1048 partem
365 950 535 1044 aberrat,
568 951 619 1026 ita
646 971 687 1027 ut
710 955 860 1028 circulus
884 955 976 1050 ille,
1012 956 1084 1055 qui·

150 1051 245 1129 duci·
261 1053 469 1151 coneipitur·
483 1053 520 1127 in
545 1048 724 1149 superficie
748 1052 924 1147 Telluris,
952 1076 994 1131 ut
1020 1080 1077 1134 to·

179 1180 264 1231 acus
289 1157 491 1251 magnerice
516 1153 726 1251 quiescentis
750 1157 1008 1254 longitudinem
1034 1161 1075 1237 iu

168 1262 278 1350 plano
300 1257 504 1347 contineor,
531 1277 747 1357 vocaturque
772 1261 975 1335 meridianus
998 1285 1074 1334 ma·

150 1358 247 1451 icus,
272 1358 505 1435 meridianum
530 1358 726 1451 loeisecet,
754 1359 974 1460 aliquemque
987 1382 1085 1439 cum.

150 1482 207 1534 em
231 1463 400 1554 angulum
425 1461 603 1556 utrimque
622 1460 843 1555 intercipiat.
869 1464 984 1560 Atque
994 1465 1072 1540 haee
1173 1464 1174 1471 ’

150 1580 160 1630 r
194 1563 404 1660 magnerice
438 1587 461 1636 a
493 1561 618 1636 mundi
643 1563 733 1659 polis
757 1561 932 1637 aberratio
967 1587 1073 1640 roca-

157 1660 311 1750 eiusdem
337 1662 510 1737 declinatio
517 1691 535 1756 ,·
560 1687 636 1761 quae
655 1662 857 1741 ficonllans
868 1661 971 1755 ellet,
997 1690 1073 1742 nou

150 1760 208 1839 bet
234 1764 394 1840 indicato
419 1788 503 1843 acus
527 1764 602 1842 usui
628 1792 639 1856 ς
673 1786 711 1843 at
747 1767 786 1841 in
821 1764 960 1842 diverfis
984 1765 1072 1843 locis

150 1863 209 1941 rsa
233 1867 385 1945 omnino
407 1864 490 1960 est,
525 1867 599 1943 imo
624 1870 734 1944 etiam
760 1868 895 1944 inuno
929 1868 1073 1944 eodem·

168 1969 253 2044 loeo
277 1964 421 2045 diverfis
444 1971 733 2062 mutationibus,
770 1974 806 2047 br
828 1969 974 2068 quidem
996 1966 1073 2046 fere

150 2070 295 2145 tidianis
318 2069 494 2146 obnoxia.
519 2074 611 2162 (a).

150 2171 227 2261 ,chol
253 2170 299 2248 In
325 2171 467 2250 mineris
490 2196 631 2272 quoque
654 2169 737 2249 serti
760 2170 962 2271 detegendis
995 2171 1073 2252 usui

171 2297 253 2348 acus
289 2275 491 2370 magnetica
515 2273 635 2351 solet.
672 2272 726 2351 Ee
761 2295 880 2353 tamen
907 2295 1069 2372 tempore

150 2373 275 2463 rimodi
308 2375 560 2474 exploratioru‘s
594 2376 639 2453 ad
676 2395 817 2454 motum
853 2377 1068 2454 concitando

170 2502 213 2554 ac
239 2499 316 2552 tum
341 2478 493 2574 primum
517 2478 591 2568 ejus
610 2475 868 2573 oscillationes,
893 2476 1072 2578 novusque

150 2605 152 2645 r
177 2580 243 2653 has
267 2576 350 2657 situs
373 2579 604 2657 observandus
627 2607 641 2654 .·
666 2605 748 2658 acus
772 2583 870 2671 euim
893 2579 1070 2677 quiescens

150 2677 379 2758 resistentiam
412 2680 582 2760 friebionis
605 2682 782 2759 difficilius
809 2676 1088 2760 Jdeterminatur·

150 2807 218 2859 trro
244 2783 352 2859 etiam
377 2809 449 2860 non
475 2787 596 2881 procul
621 2782 689 2863 stro
713 2787 758 2861 ad
782 2783 995 2881 positionem
1007 2808 1075 2860 uo-

150 2907 181 2976 r,
206 2909 313 2982 quam
341 2883 367 2959 si
393 2887 485 2980 prius
509 2887 633 2986 aliquis
657 2887 690 2964 ei
715 2906 835 2963 motus
861 2878 1027 2961 indatur.

150 2985 217 3077 ibo.
241 2983 286 3061 In
320 2985 421 3069 loeiu
441 2988 486 3067 eb
509 2986 710 3086 AEquatore
745 2984 859 3063 retius
895 2987 1074 3064 borealem

150 3088 218 3161 uris
239 3088 361 3187 polum
387 3089 604 3186 vergentibus
641 3091 710 3165 ille·
726 3089 902 3186 magnetis
937 3090 1075 3183 polus,

171 3187 310 3267 boream
337 3189 453 3265 versus
476 3189 660 3284 dirigitur,
686 3187 787 3263 fimul
812 3188 1076 3263 ubl'ervaturet·

150 3315 156 3363 ι
192 3288 303 3379 uersus
338 3309 470 3373 terram
496 3289 684 3365 inclinati:
716 3288 758 3361 id
782 3287 878 3382 quod
902 3287 1076 3363 inclinatio

150 3393 398 3592 ‘libili
422 3386 1078 3591 lllllll‘irlllllllglz·

653 3544 665 3583 ‚
1062 3537 1077 3553 .

150 3596 381 3688 rimbuatur,
416 3615 530 3695 partes
553 3594 631 3673 suas
655 3592 884 3689 aequilibratas
909 3592 1036 3667 habeat
1062 3621 1078 3686 ς

150 3696 158 3774 l
182 3695 389 3796 acquifitam
415 3700 487 3775 vim
510 3697 746 3798 magnetieam
772 3694 917 3770 tolletur
937 3692 1008 3768 boc
1029 3717 1076 3767 ae·

150 3801 308 3894 librium,
334 3798 466 3889 scilicet
491 3825 571 3900 pars
593 3798 741 3877 borealis
758 3795 998 3975 deprimettgll,
1024 3811 1078 3870 at·

927 3918 941 3974 t
991 3918 1026 3973 e·

150 4103 378 4129 -ffl—
382 4095 1086 4131 *W

150 4153 191 4224 a)
207 4152 342 4220 Videar'ur
361 4157 397 4220 de
416 4157 459 4221 bit
476 4156 703 4221 Muffcbeubroek
721 4152 832 4215 1mroe.
849 4152 891 4214 ad
908 4149 1015 4224 Philas·
1022 4150 1085 4212 Ne·
