2700 5114
250 738 312 819 Du
336 754 410 831 tts,
435 754 530 831 oure
554 750 614 813 tn
639 730 780 813 Aeunu
805 738 875 818 &c
935 762 1011 845 5¹5

154 838 220 921 ulo
242 843 368 919 eudem
393 836 466 935 ellg
499 861 576 936 qun
599 836 725 931 datur,
748 841 839 920 dum
861 848 1026 943 queritur
1050 900 1071 942 ,.

172 944 246 1043 post
280 939 449 1020 occasum
482 940 598 1032 solis,
637 959 698 1018 eut
732 964 818 1019 ente
843 949 919 1039 ejus
942 970 1065 1043 ortum¹

154 1064 202 1122 un
228 1068 482 1145 nonnunquam
505 1042 669 1143 adpareat
694 1043 871 1142 rubrum,
906 1054 942 1129 ἀ
968 1052 1068 1150 quase

154 1166 218 1225 ns.

154 1270 214 1348 47.
240 1248 306 1329 VI.
330 1249 468 1349 Aliquo
491 1270 628 1325 autoire
650 1245 808 1326 boreales
833 1254 962 1351 partim
982 1254 1071 1333 osui

154 1355 282 1451 pertint
306 1376 327 1428 e
351 1355 437 1443 lunt
461 1349 681 1446 dependent.
708 1347 887 1441 Ejusmodi
911 1352 989 1435 eret
1009 1382 1068 1437 ce·

154 1456 260 1532 'silla
285 1455 346 1530 lux
370 1454 502 1540 borea,
527 1470 604 1548 quae
630 1472 728 1522 anno
756 1460 883 1545 1716,
905 1459 1067 1550 17Mar.

155 1580 199 1637 er
222 1553 423 1635 universam
449 1574 536 1647 pene
561 1548 745 1645 Europam
770 1552 842 1628 visa
866 1551 956 1633 fuit.
977 1559 1067 1639 Haec

154 1684 227 1734 tum
253 1661 291 1733 in
317 1650 563 1749 hemispherio
587 1653 801 1729 occidentali
820 1676 968 1751 exorta,
993 1664 1070 1756 post

154 1784 180 1831 is
207 1761 344 1855 aliquot
367 1752 496 1831 defecit
503 1782 521 1845 ,·
545 1757 737 1832 &iterum
763 1756 857 1832 circa
881 1755 1009 1835 boram
1024 1784 1069 1839 ts

155 1861 182 1933 is
208 1862 246 1935 in
270 1861 372 1956 plaga
395 1858 564 1934 orientali
599 1858 710 1935 redire
744 1856 813 1935 visa
840 1857 890 1934 est
917 1859 953 1934 in
978 1886 1071 1953 που,

154 1960 179 2036 is
204 1963 314 2037 locis.
340 2012 365 2052 „
389 1956 477 2035 Erat
502 1978 646 2052 tutem,
671 1959 787 2058 inquit
812 1956 988 2057 Hellius,
1022 1988 1071 2042 eo

156 2091 182 2141 e
209 2063 317 2140 Luna
341 2062 433 2138 circa
459 2061 626 2141 ultimam
646 2062 924 2162 quadraturam,
950 2068 1070 2144 oriens

154 2192 217 2243 cca
245 2166 396 2263 primam
421 2163 548 2241 horem
572 2164 816 2241 matutinam.
841 2218 868 2259 „
902 2162 953 2245 Ut
978 2169 1070 2246 adeo

154 2297 163 2346 .·
202 2271 259 2344 ille
296 2269 384 2344 lucis
408 2266 522 2344 boreae
545 2267 640 2345 circa
663 2289 807 2343 temam
833 2270 946 2346 nostis
970 2288 1071 2347 ortus

173 2371 248 2463 iam
272 2368 383 2464 Soli,
417 2367 471 2445 uti
497 2367 623 2468 prior,
655 2369 714 2449 set
739 2366 853 2449 Lunae
889 2368 934 2448 fit
971 2374 1071 2450 attri-

154 2476 254 2549 idus.

154 2576 229 2650 thol.
265 2566 444 2666 Horum,
479 2573 701 2672 aliorumque
735 2575 885 2654 Aurorae
921 2575 1071 2654 borealis

154 2700 391 2757 nomenortutt
415 2674 689 2772 explicationes,
723 2702 800 2777 quo
825 2675 892 2754 five
925 2677 1071 2773 abipso

156 2781 196 2856 io
219 2780 280 2854 loc.
306 2781 365 2852 cit.
391 2798 637 2875 exponuntur,
673 2776 743 2855 five
765 2804 810 2858 ex
834 2779 906 2870 ejus
932 2779 1071 2857 theorit

154 2903 193 2959 te
217 2878 360 2973 fluunt,
377 2902 431 2954 ne
457 2877 565 2955 fustus
588 2882 828 2979 patruelem,
867 2883 949 2959 arsti
975 2884 1070 2958 litui·

166 2987 260 3061 intra
286 3004 374 3080 quos
397 3004 488 3078 opus
497 3005 618 3059 meum
627 2983 806 3063 Tironum
830 2985 907 3062 usui
929 3006 1070 3064 accom-

154 3105 260 3162 .atum
285 3082 460 3161 contineri
485 3088 681 3179 convenit,
706 3088 914 3185 prohibent:
939 3091 1070 3187 aliqua-

154 3246 157 3260 .
181 3208 300 3264 tamen
324 3185 561 3274 objeuionum
584 3186 777 3263 solutiones
802 3186 1072 3265 adferendaead·

165 3287 267 3366 sunt.
293 3286 437 3386 Itaque.
723 3289 727 3298 '

154 3390 216 3490 48.
241 3388 316 3488 obj.
346 3413 443 3465 rme.
469 3385 618 3465 Aurorre
640 3385 830 3480 boreales,
866 3390 904 3464 bt
927 3386 1073 3485 quidem

154 3496 203 3589 gni
237 3498 317 3571 luce
334 3489 508 3590 fulgentes
532 3489 608 3566 visae
620 3490 689 3582 iam
702 3490 902 3568 suntetiam
914 3511 1073 3586 tempore

154 3597 271 3687 lunii,
296 3595 458 3694 quamvis
481 3593 545 3673 Sol
569 3618 653 3672 cunt
664 3590 766 3671 Luna
792 3592 884 3672 infra
905 3592 1073 3668 horizon·

177 3698 375 3798 spellatoris
400 3697 610 3803 plusquam
635 3719 685 3773 20
710 3697 872 3793 gradibus
896 3692 1071 3772 demersus

154 3800 207 3877 it:
233 3799 330 3897 atqui
355 3796 555 3905 hujusmodi
581 3822 715 3876 aurore
725 3799 881 3875 boreales
892 3815 1070 3892 nequeunt

154 3903 184 3977 ti
212 3929 233 3978 a
257 3901 415 3998 glaciatis
439 3901 620 3998 particulis
644 3903 761 3977 lucem
784 3894 970 3988 solarem,
1009 3917 1072 3976 aut

154 4024 239 4079 trem
263 3998 546 4093 refleelentibus3
576 4028 661 4079 nam
686 4027 707 4079 e
733 4001 871 4078 theoria
896 3996 1072 4095 crepuscu-

157 4130 197 4181 tn
223 4106 253 4180 α’
268 4103 500 4181 celeberrimis
524 4103 606 4179 viris
632 4104 721 4181 tradi
746 4099 1068 4191 solitanotumest,

154 4242 157 4277 :
187 4230 236 4308 ¹9
260 4208 314 4301 vel
340 4230 391 4292 so
415 4206 578 4308 gradibus
615 4204 709 4284 infra
744 4204 970 4289 horizontem
1005 4204 1068 4283 de·

537 4304 575 4386 K
599 4309 623 4387 k
674 4331 696 4384 2
903 4304 1014 4404 psello
