2700 5114
310 728 373 809 Dr
398 749 473 825 ns,
498 740 592 821 Qua
620 744 678 808 au
699 725 876 810 Tunnanr
901 735 969 812 &n
1039 726 1116 833 567

166 828 272 909 modi
295 832 402 910 strata
428 835 544 911 arbori
570 830 793 910 adcrescunt.
820 840 876 926 (a)
901 834 1015 914 Porro
1040 840 1168 915 adulto

154 940 343 1037 ¹tt'utumno
368 934 470 1011 arbor
494 936 531 1011 in
555 936 654 1030 apice
676 956 860 1029 gemmam·
879 939 1007 1036 praebet
1029 939 1165 1038 conspi-

159 1031 354 1113 ciendam:
379 1060 519 1135 gemma
540 1036 616 1113 hec·
641 1044 737 1114 arin'o
760 1038 925 1137 sequente
936 1040 1167 1121 altitudinem

154 1134 304 1213 arboris
330 1158 455 1237 auget,
479 1160 609 1236 nempe
633 1137 845 1235 expansione
869 1140 921 1217 sui
947 1168 1079 1220 nouam
1105 1168 1165 1243 ge·

154 1240 329 1316 nerando
352 1240 567 1336 pyramidem
591 1240 770 1336 ligneam,
792 1242 826 1317 ei
847 1238 944 1318 haud
956 1242 1164 1345 absimilem,

154 1358 244 1509 pua
278 1362 373 1417 anno
406 1341 668 1441 precedentce
701 1341 832 1417 semine
868 1340 944 1440 ipso
980 1348 1167 1446 progenita

174 1444 254 1521 nit.
278 1440 383 1519 Nota
407 1444 482 1519 hacc
507 1444 683 1543 pyramis,
708 1443 818 1541 priori
842 1442 992 1538 inserta,
1007 1450 1163 1543 primum

154 1544 283 1621 mollis
304 1543 379 1638 est,
405 1566 482 1620 tum
508 1542 699 1622 indurescit
723 1542 885 1638 sensim,
922 1550 959 1625 dt
983 1548 1020 1623 in
1046 1552 1163 1626 albur-

154 1660 251 1723 num
275 1646 372 1723 abit.
399 1648 507 1722 Anno
533 1646 642 1725 tertio
664 1646 780 1722 rursus
803 1668 934 1725 novam
958 1646 1165 1739 hujusmodi

154 1748 382 1863 pyramidem
416 1747 579 1845 producit
612 1772 755 1849 gemma
779 1751 985 1827 evolutione
1009 1748 1093 1845 sui,
1128 1756 1167 1833 dt

154 1874 201 1933 tc
234 1872 362 1951 porro.
388 1851 599 1929 Notandum
625 1866 746 1927 autern
773 1853 898 1928 iterum
924 1851 998 1946 est,
1024 1856 1164 1931 nuttam

154 1976 293 2031 tarum
317 1954 564 2050 pyramidum,
590 1953 773 2051 postquam
784 1954 891 2031 semel
912 1954 1075 2032 indurata
1086 1954 1163 2047 iam
1225 2003 1229 2023 r

154 2052 233 2149 est,
260 2056 412 2152 expandi
438 2059 588 2154 amplius
612 2053 682 2133 slve
708 2055 909 2149 inlatum,
937 2054 1006 2134 stve
1032 2057 1161 2133 inion-

154 2174 269 2257 guin,
304 2155 363 2233 sed
388 2158 523 2257 semper
547 2160 585 2234 in
609 2158 737 2234 eadem
772 2157 911 2235 circiter
944 2159 1164 2256 magnitudi-

154 2260 437 2405 neqperdurare,
462 2260 632 2360 quamdiu
663 2260 767 2336 arbor
792 2261 902 2335 vivit.
935 2258 1042 2338 Unde
1065 2284 1097 2337 c.
1123 2284 1159 2359 g.

154 2358 191 2441 in
216 2380 369 2445 centum
395 2386 572 2439 annorum
594 2387 749 2461 quercu,
774 2358 897 2438 infima
921 2362 958 2438 id
976 2386 1161 2462 genuspy·

154 2464 267 2543 umis
291 2464 342 2540 est
371 2488 442 2540 100
477 2489 685 2556 annorum3
722 2465 833 2541 altera
869 2466 1027 2560 proxime
1063 2461 1161 2563 supe·

154 2570 257 2661 tior,
286 2588 462 2645 annorum
486 2591 559 2662 993
595 2568 700 2644 tertia
737 2590 913 2641 annorum
938 2566 1012 2661 983
1050 2570 1085 2643 dt
1111 2564 1161 2643 src'

154 2678 294 2769 porro,
321 2668 537 2765 usquedum
563 2671 609 2747 ad
634 2669 835 2768 supremam
859 2671 962 2745 unius
985 2670 1163 2749 duntaxat

154 2770 249 2849 atini
275 2771 497 2869 pyramidem
525 2774 771 2867 perveniatur.

207 2876 257 2971 3)
280 2873 431 2951 Interim
455 2874 599 2950 cuilibet
627 2876 756 2949 harum
781 2873 1006 2971 pyramidum
1037 2873 1162 2975 quovis

154 2976 262 3053 anino
286 2976 485 3051 adcrescunt
510 2974 616 3051 strata
640 2978 782 3073 lignea,
814 2976 1003 3055 craisrtiem
1028 2976 1161 3053 arboria
1267 3006 1280 3045 t

157 3075 351 3175 ¹augentia.
389 3076 486 3151 Hinc
511 3100 542 3150 e.
569 3100 603 3171 g.
628 3078 666 3151 in
690 3102 819 3172 quercu
849 3101 919 3149 roo
959 3092 1162 3169 annorum5

154 3178 184 3263 fi
213 3188 360 3255 truncus
394 3176 608 3254 seuionibus·
629 3174 827 3249 transuersis
862 3178 898 3249 in
934 3194 1162 3274 quotcunque

154 3288 278 3383 partes*
302 3280 413 3355 diuidi
439 3276 681 3374 concipiatur,
704 3277 832 3373 quaevis
858 3277 894 3349 id
916 3296 1026 3369 genus
1050 3300 1163 3373 perse

154 3380 393 3463 diversrffrmae
415 3384 528 3458 atatis
552 3376 798 3474 stratisiigneis
807 3375 964 3471 constet,
988 3375 1163 3457 estneces·

154 3484 214 3565 [c.-
242 3482 280 3562 d.
305 3508 340 3582 g.
369 3482 411 3559 In
440 3506 535 3581 parte
561 3478 704 3575 infima,
738 3478 871 3573 idest,
911 3481 948 3552 in
974 3504 1052 3571 ea,
1084 3502 1162 3578 quat

154 3588 272 3671 radici
300 3586 559 3685 proximam,
584 3587 700 3679 portio
726 3583 853 3658 intima
878 3586 990 3678 (quac
1015 3582 1064 3658 cst
1088 3579 1162 3678 ipsa

154 3686 288 3771 infima
312 3690 487 3787 pyramis,
512 3710 554 3764 ex
579 3685 653 3783 ipso
676 3686 808 3761 semine
842 3687 933 3759 oiim
959 3688 1160 3781 prognata)

154 3794 208 3885 est
236 3816 416 3869 annorum
442 3813 540 3881 1005
566 3786 673 3865 {irata
699 3790 848 3885 lignea,
882 3808 958 3884 quac
982 3786 1015 3861 ei
1041 3784 1162 3861 adcre-

154 3904 286 3977 tc'rant
312 3920 409 3971 anno
445 3891 637 3994 sequente,
672 3890 752 3968 sunt
790 3912 966 3966 annorum
990 3910 1065 4064 ρῗῖς
1091 3885 1162 3964 alia

678 3995 748 4071 Nn
797 4012 825 4090 4
1058 4013 1112 4064 ra·

154 4110 1165 4247 wicrammum-mma}

166 4250 253 4315 Parte
271 4246 298 4315 1.
317 4255 344 4317 i·
362 4268 473 4317 xxxxv·
